
@book{DeLoeraRambauSantos,
	AUTHOR = {Jesus~A.~{De Loera} and J\"org~Rambau and Francisco~Santos},
	TITLE = {Triangulations: Structures for Algorithms and Applications},
	PUBLISHER = {Springer Verlag},
	YEAR = {2010},
	VOLUME = {25},
	SERIES = {Algorithms and {C}omputation in Mathematics},
}

@book {Ziegler-polytopes,
	AUTHOR = {G{\"u}nter~M.~Ziegler},
	TITLE = {Lectures on Polytopes},
	SERIES = {Graduate texts in Mathematics},
	PUBLISHER = {Springer-Verlag},
	ADDRESS = {New York},
	VOLUME = {152},
	YEAR = {1998},
	PAGES = {vii+370},
}

@book {GelfandKapranovZelevinsky,
	AUTHOR = {Israel~Gelfand and Mikhail~Kapranov and Andrei~Zelevinsky},
	TITLE = {Discriminants, resultants and multidimensional determinants},
	SERIES = {Modern Birkh\"auser Classics},
	NOTE = {Reprint of the 1994 edition},
	PUBLISHER = {Birkh\"auser Boston Inc.},
	ADDRESS = {Boston, MA},
	YEAR = {2008},
	PAGES = {x+523},
}

@article {FominZelevinsky-ClusterAlgebrasII,
	AUTHOR = {Sergey Fomin and Andrei Zelevinsky},
	TITLE = {Cluster algebras. {II}. {F}inite type classification},
	JOURNAL = {Invent. Math.},
	FJOURNAL = {Inventiones Mathematicae},
	VOLUME = {154},
	YEAR = {2003},
	NUMBER = {1},
	PAGES = {63--121},
}

@book {TamariFestschrift,
	TITLE = {Associahedra, {T}amari Lattices and Related Structures. Tamari Memorial Festschrift},
	EDITOR = {Folkert M{\"u}ller-Hoissen and Jean Marcel Pallo and Jim Stasheff},
	PUBLISHER = {Springer},
	ADDRESS = {New York},
	SERIES = {Progress in Mathematics},
	VOLUME = {299},
	YEAR = {2012},
	PAGES = {xx+433},
}

@article {Edelman,
	AUTHOR = {Edelman, Paul H.},
	TITLE = {A partial order on the regions of~$\mathbb{R}^n$ dissected by hyperplanes},
	JOURNAL = {Trans. Amer. Math. Soc.},
	FJOURNAL = {Transactions of the Americcan Mathematical Society},
	VOLUME = {283},
	YEAR = {1984},
	PAGES = {617--631},
}

@article {BjornerEdelmanZiegler,
	AUTHOR = {Bj\"orner, Anders and Edelman, Paul H. and Ziegler, G\"unter M.},
	TITLE = {Hyperplane arrangements with a lattice of regions},
	JOURNAL = {Discrete Comput. Geom.},
	FJOURNAL = {Discrete \& Computational Geometry. An International Journal of Mathematics and Computer Science},
	VOLUME = {5},
	YEAR = {1990},
	NUMBER = {3},
	PAGES = {263--288},
}


@article {Reading-posetRegions,
	AUTHOR = {Reading, Nathan},
	TITLE = {Lattice and order properties of the poset of regions in a hyperplane arrangement},
	JOURNAL = {Algebra Universalis},
	FJOURNAL = {Algebra Universalis},
	VOLUME = {50},
	YEAR = {2003},
	NUMBER = {2},
	PAGES = {179--205},
}

@article {Reading-latticeCongruences,
	AUTHOR = {Nathan~Reading},
	TITLE = {Lattice congruences of the weak order},
	JOURNAL = {Order},
	FJOURNAL = {Order. A Journal on the Theory of Ordered Sets and its Applications},
	VOLUME = {21},
	YEAR = {2004},
	NUMBER = {4},
	PAGES = {315--344},
}

@article {Reading-cambrianLattices,
	AUTHOR = {Nathan~Reading},
	TITLE = {Cambrian lattices},
	JOURNAL = {Adv.~Math.},
	FJOURNAL = {Advances in Mathematics},
	VOLUME = {205},
	YEAR = {2006},
	NUMBER = {2},
	PAGES = {313--353},
}

@incollection {Reading-PosetRegionsChapter,
	AUTHOR = {Reading, N.},
	TITLE = {Lattice theory of the poset of regions},
	BOOKTITLE = {Lattice theory: special topics and applications. {V}ol. 2},
	PAGES = {399--487},
	PUBLISHER = {Birkh\"auser/Springer, Cham},
	YEAR = {2016},
}

@incollection {Reading-FiniteCoxeterGroupsChapter,
	AUTHOR = {Reading, N.},
	TITLE = {Finite {C}oxeter groups and the weak order},
	BOOKTITLE = {Lattice theory: special topics and applications. {V}ol. 2},
	PAGES = {489--561},
	PUBLISHER = {Birkh\"auser/Springer, Cham},
	YEAR = {2016},
}

@article {Reading-HopfAlgebras,
	AUTHOR = {Reading, Nathan},
	TITLE = {Lattice congruences, fans and {H}opf algebras},
	JOURNAL = {J. Combin. Theory Ser. A},
	FJOURNAL = {Journal of Combinatorial Theory. Series A},
	VOLUME = {110},
	YEAR = {2005},
	NUMBER = {2},
	PAGES = {237--273},
}

@article {HohlwegLangeThomas,
	AUTHOR = {Christophe~Hohlweg and Carsten~Lange and Hugh~Thomas},
	TITLE = {Permutahedra and generalized associahedra},
	JOURNAL = {Adv. Math.},
	FJOURNAL = {Adances in Mathematics},
	VOLUME = {226},
	YEAR = {2011},
	NUMBER = {1},
	PAGES = {608--640},
}


@article {Stella,
	AUTHOR = {Salvatore~Stella},
	TITLE = {Polyhedral models for generalized associahedra via {C}oxeter elements},
	JOURNAL = {J. Algebraic Combin.},
	FJOURNAL = {Journal of Algebraic Combinatorics. An International Journal},
	VOLUME = {38},
	YEAR = {2013},
	NUMBER = {1},
	PAGES = {121--158},
}

@article {PilaudStump-brickPolytope,
	AUTHOR = {Vincent Pilaud and Christian Stump},
	TITLE = {Brick polytopes of spherical subword complexes and generalized associahedra},
	FJOURNAL = {Advances in Mathematics},
	JOURNAL = {Adv. Math.},
	PAGES = {1--61},
	VOLUME = {276},
	YEAR = {2015},
}

@article {HohlwegPilaudStella,
	AUTHOR = {Christophe Hohlweg and Vincent Pilaud and Salvatore Stella},
	TITLE = {Polytopal realizations of finite type $\mathbf{g}$-vector fans},
	FJOURNAL = {Advances in Mathematics},
	JOURNAL = {Adv. Math.},
	PAGES = {713--749},
	VOLUME = {328},
	YEAR = {2018},
}

@unpublished {PilaudSantos-quotientopes,
	AUTHOR = {Vincent Pilaud and Francisco Santos},
	TITLE = {Quotientopes},
 	NOTE = {Preprint, \href{http://arxiv.org/abs/1711.05353}{\texttt{arXiv:1711.05353}}}, 
	YEAR = {2017},
}
